@article{grier2003revolution,
  title={A revolution in optical manipulation},
  author={Grier, David G},
  journal={Nature},
  volume={424},
  number={6950},
  pages={810--816},
  year={2003},
  publisher={Nature Publishing Group}
}
@article{richly2013calibrating,
  title={Calibrating optical tweezers with Bayesian inference},
  author={Richly, Maximilian U and T{\"u}rkcan, Silvan and Le Gall, Antoine and Fiszman, Nicolas and Masson, Jean-Baptiste and Westbrook, Nathalie and Perronet, Karen and Alexandrou, Antigoni},
  journal={Optics express},
  volume={21},
  number={25},
  pages={31578--31590},
  year={2013},
  publisher={Optical Society of America}
}
@article{cecconi2005direct,
  title={Direct observation of the three-state folding of a single protein molecule},
  author={Cecconi, Ciro and Shank, Elizabeth A and Bustamante, Carlos and Marqusee, Susan},
  journal={Science},
  volume={309},
  number={5743},
  pages={2057--2060},
  year={2005},
  publisher={American Association for the Advancement of Science}
}
@article{rsi12,
  title={Measurement of probe displacement to the thermal resolution limit in
photonic force microscopy using a miniature quadrant photodetector},
  author={Pal, Sambit Bikas and Haldar, Arijit and Roy, Basudev and Banerjee, Ayan},
  journal={Review of Scientific Instruments},
  volume={83},
  number={},
  pages={023108},
  year={2012},
  publisher={American Institute of Physics}
}

@article{kellermayer1997folding,
  title={Folding-unfolding transitions in single titin molecules characterized with laser tweezers},
  author={Kellermayer, Mikl{\'o}s SZ and Smith, Steven B and Granzier, Henk L and Bustamante, Carlos},
  journal={Science},
  volume={276},
  number={5315},
  pages={1112--1116},
  year={1997},
  publisher={American Association for the Advancement of Science}
}
@article{min2009high,
  title={High-resolution, long-term characterization of bacterial motility using optical tweezers},
  author={Min, Taejin L and Mears, Patrick J and Chubiz, Lon M and Rao, Christopher V and Golding, Ido and Chemla, Yann R},
  journal={Nature methods},
  volume={6},
  number={11},
  pages={831--835},
  year={2009},
  publisher={Nature Publishing Group}
}
@article{de2012recent,
  title={Recent advances in magnetic tweezers},
  author={De Vlaminck, Iwijn and Dekker, Cees},
  journal={Annual review of biophysics},
  volume={41},
  pages={453--472},
  year={2012},
  publisher={Annual Reviews}
}
@article{masson2009inferring,
  title={Inferring maps of forces inside cell membrane microdomains},
  author={Masson, J-B and Casanova, Didier and T{\"u}rkcan, Silvan and Voisinne, Guillaume and Popoff, Michel-Robert and Vergassola, Massimo and Alexandrou, Antigoni},
  journal={Physical review letters},
  volume={102},
  number={4},
  pages={048103},
  year={2009},
  publisher={APS}
}
@article{veigel2011moving,
  title={Moving into the cell: single-molecule studies of molecular motors in complex environments},
  author={Veigel, Claudia and Schmidt, Christoph F},
  journal={Nature Reviews Molecular Cell Biology},
  volume={12},
  number={3},
  pages={163--176},
  year={2011},
  publisher={Nature Publishing Group}
}
@article{fazal2011optical,
  title={Optical tweezers study life under tension},
  author={Fazal, Furqan M and Block, Steven M},
  journal={Nature photonics},
  volume={5},
  number={6},
  pages={318--321},
  year={2011},
  publisher={Nature Publishing Group}
}
@article{berg2004power,
  title={Power spectrum analysis for optical tweezers},
  author={Berg-S{\o}rensen, Kirstine and Flyvbjerg, Henrik},
  journal={Review of Scientific Instruments},
  volume={75},
  number={3},
  pages={594--612},
  year={2004},
  publisher={AIP Publishing}
}
@article{barak2013quantitative,
  title={Quantitative optical trapping on single organelles in cell extract},
  author={Barak, Pradeep and Rai, Ashim and Rai, Priyanka and Mallik, Roop},
  journal={Nature methods},
  volume={10},
  number={1},
  pages={68--70},
  year={2013},
  publisher={Nature Publishing Group}
}
@article{wang1997stretching,
  title={Stretching DNA with optical tweezers.},
  author={Wang, Michelle D and Yin, Hong and Landick, Robert and Gelles, Jeff and Block, Steven M},
  journal={Biophysical journal},
  volume={72},
  number={3},
  pages={1335},
  year={1997},
  publisher={The Biophysical Society}
}
@article{moffitt2008recent,
  title={Recent advances in optical tweezers},
  author={Moffitt, Jeffrey R and Chemla, Yann R and Smith, Steven B and Bustamante, Carlos},
  journal={Biochemistry},
  volume={77},
  number={1},
  pages={205},
  year={2008}
}
@article{zhong2013trapping,
  title={Trapping red blood cells in living animals using optical tweezers},
  author={Zhong, Min-Cheng and Wei, Xun-Bin and Zhou, Jin-Hua and Wang, Zi-Qiang and Li, Yin-Mei},
  journal={Nature communications},
  volume={4},
  pages={1768},
  year={2013},
  publisher={Nature Publishing Group}
}
@article{osterman2010tweezpal,
  title={TweezPal--Optical tweezers analysis and calibration software},
  author={Osterman, Natan},
  journal={Computer Physics Communications},
  volume={181},
  number={11},
  pages={1911--1916},
  year={2010},
  publisher={Elsevier}
}
@article{giannone2010dynamic,
  title={Dynamic superresolution imaging of endogenous proteins on living cells at ultra-high density},
  author={Giannone, Gregory and Hosy, Eric and Levet, Florian and Constals, Audrey and Schulze, Katrin and Sobolevsky, Alexander I and Rosconi, Michael P and Gouaux, Eric and Tamp{\'e}, Robert and Choquet, Daniel and others},
  journal={Biophysical journal},
  volume={99},
  number={4},
  pages={1303--1310},
  year={2010},
  publisher={Elsevier}
}
@article{manley2008high,
  title={High-density mapping of single-molecule trajectories with photoactivated localization microscopy},
  author={Manley, Suliana and Gillette, Jennifer M and Patterson, George H and Shroff, Hari and Hess, Harald F and Betzig, Eric and Lippincott-Schwartz, Jennifer},
  journal={Nature methods},
  volume={5},
  number={2},
  pages={155--157},
  year={2008},
  publisher={Nature Publishing Group}
}
@article{masson2014mapping,
  title={Mapping the energy and diffusion landscapes of membrane proteins at the cell surface using high-density single-molecule imaging and Bayesian inference: application to the multiscale dynamics of glycine receptors in the neuronal membrane},
  author={Masson, Jean-Baptiste and Dionne, Patrice and Salvatico, Charlotte and Renner, Marianne and Specht, Christian G and Triller, Antoine and Dahan, Maxime},
  journal={Biophysical journal},
  volume={106},
  number={1},
  pages={74--83},
  year={2014},
  publisher={Elsevier}
}
@article{kusumi2014tracking,
  title={Tracking single molecules at work in living cells},
  author={Kusumi, Akihiro and Tsunoyama, Taka A and Hirosawa, Kohichiro M and Kasai, Rinshi S and Fujiwara, Takahiro K},
  journal={Nature chemical biology},
  volume={10},
  number={7},
  pages={524--532},
  year={2014},
  publisher={Nature Publishing Group}
}
@article{almonacid2015active,
  title={Active diffusion positions the nucleus in mouse oocytes},
  author={Almonacid, Maria and Ahmed, Wylie W and Bussonnier, Matthias and Mailly, Philippe and Betz, Timo and Voituriez, Rapha{\"e}l and Gov, Nir S and Verlhac, Marie-H{\'e}l{\`e}ne},
  journal={Nature cell biology},
  volume={17},
  number={4},
  pages={470--479},
  year={2015},
  publisher={Nature Publishing Group}
}
@article{el2016primer,
  title={A Primer on the Bayesian Approach to High-Density Single-Molecule Trajectories Analysis},
  author={El Beheiry, Mohamed and T{\"u}rkcan, Silvan and Richly, Maximilian U and Triller, Antoine and Alexandrou, Antigone and Dahan, Maxime and Masson, Jean-Baptiste},
  journal={Biophysical journal},
  volume={110},
  number={6},
  pages={1209--1215},
  year={2016},
  publisher={Elsevier}
}
@article{squires2009fluid,
  title={Fluid mechanics of microrheology},
  author={Squires, Todd M and Mason, Thomas G},
  journal={Annual Review of Fluid Mechanics},
  volume={42},
  number={1},
  pages={413},
  year={2009}
}
@article{cheng2008formula,
  title={Formula for the viscosity of a glycerol-water mixture},
  author={Cheng, Nian-Sheng},
  journal={Industrial \& engineering chemistry research},
  volume={47},
  number={9},
  pages={3285--3288},
  year={2008},
  publisher={ACS Publications}
}
@article{rafai2010effective,
  title={Effective viscosity of microswimmer suspensions},
  author={Rafa{\"\i}, Salima and Jibuti, Levan and Peyla, Philippe},
  journal={Physical Review Letters},
  volume={104},
  number={9},
  pages={098102},
  year={2010},
  publisher={APS}
}
@article{di2014probing,
  title={Probing short-range protein Brownian motion in the cytoplasm of living cells},
  author={Di Rienzo, Carmine and Piazza, Vincenzo and Gratton, Enrico and Beltram, Fabio and Cardarelli, Francesco},
  journal={Nature communications},
  volume={5},
  year={2014},
  publisher={Nature Publishing Group}
}
@article{el2015inferencemap,
  title={InferenceMAP: mapping of single-molecule dynamics with Bayesian inference},
  author={El Beheiry, Mohamed and Dahan, Maxime and Masson, Jean-Baptiste},
  journal={Nature Methods},
  volume={12},
  number={7},
  pages={594--595},
  year={2015},
  publisher={Nature Publishing Group}
}
@article{yao2009microrheology,
  title={Microrheology with optical tweezers},
  author={Yao, Alison and Tassieri, Manlio and Padgett, Miles and Cooper, Jonathan},
  journal={Lab on a Chip},
  volume={9},
  number={17},
  pages={2568--2575},
  year={2009},
  publisher={Royal Society of Chemistry}
}
@article{tassieri2015microrheology,
  title={Microrheology with Optical Tweezers: Measuring the relative viscosity of solutions/at a glance/'},
  author={Tassieri, Manlio and Del Giudice, Francesco and Robertson, Emma J and Jain, Neena and Fries, Bettina and Wilson, Rab and Glidle, Andrew and Greco, Francesco and Netti, Paolo Antonio and Maffettone, Pier Luca and others},
  journal={Scientific reports},
  volume={5},
  year={2015},
  publisher={Nature Publishing Group}
}
@article{tassieri2012microrheology,
  title={Microrheology with optical tweezers: data analysis},
  author={Tassieri, Manlio and Evans, RML and Warren, Rebecca L and Bailey, Nicholas J and Cooper, Jonathan M},
  journal={New Journal of Physics},
  volume={14},
  number={11},
  pages={115032},
  year={2012},
  publisher={IOP Publishing}
}
@article{tuerkcan2012bayesian,
  title={A Bayesian inference scheme to extract diffusivity and potential fields from confined single-molecule trajectories},
  author={Tuerkcan, Silvan and Alexandrou, Antigoni and Masson, Jean-Baptiste},
  journal={Biophysical journal},
  volume={102},
  number={10},
  pages={2288--2298},
  year={2012},
  publisher={Elsevier}
}
@article{el2016primer,
  title={A Primer on the Bayesian Approach to High-Density Single-Molecule Trajectories Analysis},
  author={El Beheiry, Mohamed and T{\"u}rkcan, Silvan and Richly, Maximilian U and Triller, Antoine and Alexandrou, Antigone and Dahan, Maxime and Masson, Jean-Baptiste},
  journal={Biophysical journal},
  volume={110},
  number={6},
  pages={1209--1215},
  year={2016},
  publisher={Elsevier}
}
@article{turkcan2013bayesian,
  title={Bayesian decision tree for the classification of the mode of motion in single-molecule trajectories},
  author={T{\"u}rkcan, Silvan and Masson, Jean-Baptiste},
  journal={PloS one},
  volume={8},
  number={12},
  pages={e82799},
  year={2013},
  publisher={Public Library of Science}
}
@article{turkcan2013probing,
  title={Probing membrane protein interactions with their lipid raft environment using single-molecule tracking and Bayesian inference analysis},
  author={T{\"u}rkcan, Silvan and Richly, Maximilian U and Alexandrou, Antigoni and Masson, Jean-Baptiste},
  journal={PloS one},
  volume={8},
  number={1},
  pages={e53073},
  year={2013},
  publisher={Public Library of Science}
}
@article{voisinne2010quantifying,
  title={Quantifying biomolecule diffusivity using an optimal Bayesian method},
  author={Voisinne, Guillaume and Alexandrou, Antigoni and Masson, Jean-Baptiste},
  journal={Biophysical journal},
  volume={98},
  number={4},
  pages={596--605},
  year={2010},
  publisher={Elsevier}
}
@article{masson2014mapping,
  title={Mapping the energy and diffusion landscapes of membrane proteins at the cell surface using high-density single-molecule imaging and Bayesian inference: application to the multiscale dynamics of glycine receptors in the neuronal membrane},
  author={Masson, Jean-Baptiste and Dionne, Patrice and Salvatico, Charlotte and Renner, Marianne and Specht, Christian G and Triller, Antoine and Dahan, Maxime},
  journal={Biophysical journal},
  volume={106},
  number={1},
  pages={74--83},
  year={2014},
  publisher={Elsevier}
}

