% Encoding: UTF-8

@Article{bera2017fast,
  author    = {Bera, Sudipta and Paul, Shuvojit and Singh, Rajesh and Ghosh, Dipanjan and Kundu, Avijit and Banerjee, Ayan and Adhikari, R},
  title     = {Fast Bayesian inference of optical trap stiffness and particle diffusion},
  journal   = {Scientific Reports},
  year      = {2017},
  volume    = {7},
  publisher = {Nature Publishing Group},
}

@Book{gardiner1985handbook,
  title     = {Handbook of stochastic methods},
  publisher = {Springer Berlin},
  year      = {1985},
  author    = {Gardiner, Crispin W and others},
  volume    = {3},
}

@Comment{jabref-meta: databaseType:bibtex;}
